





@article{raimbault2018space,
  title={Space Matters: extending sensitivity analysis to initial spatial conditions in geosimulation models},
  author={Raimbault, J and Cottineau, C and Texier, M Le and N{\'e}chet, F Le and Reuillon, R},
  journal={arXiv preprint arXiv:1812.06008},
  year={2018}
}


@article{raimbault2018indirect,
  title={Indirect evidence of network effects in a system of cities},
  author={Raimbault, Juste},
  journal={Environment and Planning B: Urban Analytics and City Science},
  pages={2399808318774335},
  year={2018},
  publisher={SAGE Publications Sage UK: London, England}
}




@inproceedings{lenechet:halshs-01272236,
	Address = {Bari, Italy},
	Author = {Le N{\'e}chet, Florent and Raimbault, Juste},
	Booktitle = {{European Colloqueum on Theoretical and Quantitative Geography}},
	Month = Sep,
	Title = {{Modeling the emergence of metropolitan transport autorithy in a polycentric urban region}},
	Year = {2015}}



@article{piou2009proposing,
	Author = {Piou, Cyril and Berger, Uta and Grimm, Volker},
	Journal = {Ecological Modelling},
	Number = {17},
	Pages = {1957--1967},
	Title = {Proposing an information criterion for individual-based models developed in a pattern-oriented modelling framework},
	Volume = {220},
	Year = {2009}}




@article{10.1371/journal.pone.0138212,
	Author = {Ch{\'e}rel, Guillaume AND Cottineau, Cl{\'e}mentine AND Reuillon, Romain},
	Journal = {PLoS ONE},
	Month = {09},
	Number = {9},
	Pages = {e0138212},
	Title = {Beyond Corroboration: Strengthening Model Validation by Looking for Unexpected Patterns},
	Volume = {10},
	Year = {2015}}




@inproceedings{raimbault2018multi,
  title={Multi-modeling the morphogenesis of transportation networks},
  author={Raimbault, Juste},
  booktitle={Artificial Life Conference Proceedings},
  pages={382--383},
  year={2018},
  organization={MIT Press}
}


@article{mimeur:hal-01616746,
	Author = {Mimeur, Christophe and Queyroi, Fran{\c c}ois and Banos, Arnaud and Th{\'e}venin, Thomas},
	Journal = {{Historical Methods: A Journal of Quantitative and Interdisciplinary History}},
	Title = {{Revisiting the structuring effect of transportation infrastructure: an empirical approach with the French Railway Network from 1860 to 1910}},
	Year = {2017}}



@ARTICLE{2019arXiv190109869R,
       author = {{Raimbault}, Juste},
        title = "{Space and complexities of territorial systems}",
      journal = {arXiv e-prints},
     keywords = {Physics - Physics and Society, Computer Science - Multiagent Systems},
         year = 2019,
        month = Jan,
          eid = {arXiv:1901.09869},
        pages = {arXiv:1901.09869},
archivePrefix = {arXiv},
       eprint = {1901.09869},
 primaryClass = {physics.soc-ph},
       adsurl = {https://ui.adsabs.harvard.edu/\#abs/2019arXiv190109869R},
      adsnote = {Provided by the SAO/NASA Astrophysics Data System}
}




@inproceedings{raimbault2018systematic,
  title={A systematic comparison of interaction models for systems of cities},
  author={Raimbault, Juste},
  booktitle={Conference on Complex Systems 2018},
  year={2018}
}


@article{raimbault2018relating,
  title={Relating complexities for the reflexive study of complex systems},
  author={Raimbault, Juste},
  journal={arXiv preprint arXiv:1811.04270},
  year={2018}
}

@article{raimbault2018unveiling,
  title={Unveiling co-evolutionary patterns in systems of cities: a systematic exploration of the SimpopNet model},
  author={Raimbault, Juste},
  journal={arXiv preprint arXiv:1809.00861},
  year={2018}
}

@article{rozenblat2018conclusion,
  title={Conclusion: Toward a Methodology for Multi-scalar Urban System Policies},
  author={Rozenblat, Celine and Pumain, Denise},
  journal={International and Transnational Perspectives on Urban Systems},
  pages={385},
  year={2018},
  publisher={Springer}
}


@phdthesis{tannier:tel-01668615,
  TITLE = {{Analysis and simulation of the concentration and the dispersion of human settlements from local to regional scale. Multi-scale and trans-scale models}},
  AUTHOR = {Tannier, C{\'e}cile},
  URL = {https://hal.archives-ouvertes.fr/tel-01668615},
  SCHOOL = {{Universit{\'e} Bourgogne Franche-Comt{\'e}}},
  YEAR = {2017},
  MONTH = Dec,
  KEYWORDS = {Epistemology of science ; Ontology ; Agent-based modeling ; Fractal and multifractals ; Location ; Settlement Systems ; analyses fractales ; {\'e}pist{\'e}mologie ; ontologie ; peuplement ; syst{\`e}mes multi-agents ; localisation},
  TYPE = {Habilitation {\`a} diriger des recherches},
  PDF = {https://hal.archives-ouvertes.fr/tel-01668615/file/2017HdRCecileTannierMemoire_Final.pdf},
  HAL_ID = {tel-01668615},
  HAL_VERSION = {v1},
}


@phdthesis{schmitt2014modelisation,
	Author = {Schmitt, Clara},
	School = {Paris 1},
	Title = {Mod{\'e}lisation de la dynamique des syst{\`e}mes de peuplement: de SimpopLocal {\`a} SimpopNet.},
	Year = {2014}}



@article{raimbault2018modeling,
  title={Modeling the co-evolution of cities and networks},
  author={Raimbault, Juste},
  journal={forthcoming in Handbook of Cities and Networks, Rozenblat C., Niel Z., eds. arXiv:1804.09430},
  year={2019}
}

@article{raimbault2018urban,
  title={An Urban Morphogenesis Model Capturing Interactions between Networks and Territories},
  author={Raimbault, Juste},
  journal={forthcoming in Mathematics of Urban Morphogenesis, D'Acci L., ed., Springer Birkhauser Mathematics. arXiv:1805.05195},
  year={2018}
}


@phdthesis{raimbault2018caracterisation,
  title={Caract{\'e}risation et mod{\'e}lisation de la co-{\'e}volution des r{\'e}seaux de transport et des territoires},
  author={Raimbault, Juste},
  year={2018},
  school={Universit{\'e} Paris 7 Denis Diderot}
}


@article{offner1993effets,
	Author = {Offner, Jean-Marc},
	Journal = {Espace g{\'e}ographique},
	Number = {3},
	Pages = {233--242},
	Title = {Les "effets structurants" du transport: mythe politique, mystification scientifique},
	Volume = {22},
	Year = {1993}}
