


@phdthesis{schmitt2014modelisation,
	Author = {Schmitt, Clara},
	School = {Paris 1},
	Title = {Mod{\'e}lisation de la dynamique des syst{\`e}mes de peuplement: de SimpopLocal {\`a} SimpopNet.},
	Year = {2014}}



@article{raimbault2018modeling,
  title={Modeling the co-evolution of cities and networks},
  author={Raimbault, Juste},
  journal={forthcoming in Handbook of Cities and Networks, Rozenblat C., Niel Z., eds. arXiv:1804.09430},
  year={2018}
}

@article{raimbault2018urban,
  title={An Urban Morphogenesis Model Capturing Interactions between Networks and Territories},
  author={Raimbault, Juste},
  journal={forthcoming in Mathematics of Urban Morphogenesis, D'Acci L., ed., Springer Birkhauser Mathematics. arXiv:1805.05195},
  year={2018}
}


@phdthesis{raimbault2018caracterisation,
  title={Caract{\'e}risation et mod{\'e}lisation de la co-{\'e}volution des r{\'e}seaux de transport et des territoires},
  author={Raimbault, Juste},
  year={2018},
  school={Universit{\'e} Paris 7 Denis Diderot}
}


@article{offner1993effets,
	Author = {Offner, Jean-Marc},
	Journal = {Espace g{\'e}ographique},
	Number = {3},
	Pages = {233--242},
	Title = {Les "effets structurants" du transport: mythe politique, mystification scientifique},
	Volume = {22},
	Year = {1993}}
