


@article{xie2009topological,
  title={Topological evolution of surface transportation networks},
  author={Xie, Feng and Levinson, David},
  journal={Computers, Environment and Urban Systems},
  volume={33},
  number={3},
  pages={211--223},
  year={2009},
  publisher={Elsevier}
}


@inproceedings{raimbault2019evolutionary,
  title={An evolutionary theory for the spatial dynamics of urban systems worldwide},
  author={Raimbault, Juste and Denis, E and Pumain, D},
  year={2019},
  booktitle={European Colloquium in Theoretical and Quantitative Geography 2019}
}



@inproceedings{lehman2008exploiting,
  title={Exploiting open-endedness to solve problems through the search for novelty.},
  author={Lehman, Joel and Stanley, Kenneth O},
  booktitle={ALIFE},
  pages={329--336},
  year={2008}
}



@article{cherel2015beyond,
  title={Beyond corroboration: Strengthening model validation by looking for unexpected patterns},
  author={Ch{\'e}rel, Guillaume and Cottineau, Cl{\'e}mentine and Reuillon, Romain},
  journal={PloS one},
  volume={10},
  number={9},
  year={2015},
  publisher={Public Library of Science}
}



@article{bretagnolle2003vitesse,
  title={Vitesse et processus de s{\'e}lection hi{\'e}rarchique dans le syst{\`e}me des villes fran{\c{c}}aises},
  author={Bretagnolle, Anne},
  journal={D. Pumain, MF. Matt{\'e}i F.(eds.), Donn{\'e}es urbaines},
  volume={4},
  year={2003}
}


@article{reuillon2013openmole,
  title={OpenMOLE, a workflow engine specifically tailored for the distributed exploration of simulation models},
  author={Reuillon, Romain and Leclaire, Mathieu and Rey-Coyrehourcq, Sebastien},
  journal={Future Generation Computer Systems},
  volume={29},
  number={8},
  pages={1981--1990},
  year={2013},
  publisher={Elsevier}
}


@article{muggeo2003estimating,
  title={Estimating regression models with unknown break-points},
  author={Muggeo, Vito MR},
  journal={Statistics in medicine},
  volume={22},
  number={19},
  pages={3055--3071},
  year={2003},
  publisher={Wiley Online Library}
}



@article{raimbault2019space,
   title = {Space Matters: Extending Sensitivity Analysis to Initial Spatial Conditions in Geosimulation Models},
   author = {Raimbault, Juste and Cottineau, Cl\'{e}mentine and Le Texier, Marion and Le Nechet, Florent and Reuillon, Romain},
   journal = {Journal of Artificial Societies and Social Simulation},
   ISSN = {1460-7425},
   volume = {22},
   number = {4},
   pages = {10},
   year = {2019},
   URL = {http://jasss.soc.surrey.ac.uk/22/4/10.html},
   DOI = {10.18564/jasss.4136},
   keywords = {Space, Initial Conditions, Sensitivity, Agent-Based Models},
   abstract = {Although simulation models of socio-spatial systems in general and agent-based models in particular represent a fantastic opportunity to explore socio-spatial behaviours and to test a variety of scenarios for public policy, the validity of generative models is uncertain unless their results are proven robust and representative of 'real-world' conditions. Sensitivity analysis usually includes the analysis of the effect of stochasticity on the variability of results, as well as the effects of small parameter changes. However, initial spatial conditions are usually not modified systematically in socio-spatial models, thus leaving unexplored the effect of initial spatial arrangements on the interactions of agents with one another as well as with their environment. In this article, we present a method to assess the effect of variation of some initial spatial conditions on simulation models, using a systematic geometric structures generator in order to create density grids with which socio-spatial simulation models are initialised. We show, with the example of two classical agent-based models (Schelling's model of segregation and Sugarscape's model of unequal societies) and a straightforward open-source workflow using high performance computing, that the effect of initial spatial arrangements is significant on the two models. We wish to illustrate the potential interest of adding spatial sensitivity analysis during the exploration of models for both modellers and thematic specialists.},
}		




@incollection{raimbault2019urban,
  title={An urban morphogenesis model capturing interactions between networks and territories},
  author={Raimbault, Juste},
  booktitle={The mathematics of urban morphology},
  pages={383--409},
  year={2019},
  publisher={Springer}
}


@inproceedings{raimbault2017identification,
  title={Identification de causalit{\'e}s dans des donn{\'e}es spatio-temporelles},
  author={Raimbault, Juste},
  booktitle={Spatial Analysis and GEOmatics 2017},
  year={2017}
}


@article{pires2011food,
  title={Do food web models reproduce the structure of mutualistic networks?},
  author={Pires, Mathias M and Prado, Paulo I and Guimar{\~a}es Jr, Paulo R},
  journal={PLoS One},
  volume={6},
  number={11},
  year={2011},
  publisher={Public Library of Science}
}

@phdthesis{schmitt2014modelisation,
  title={Mod{\'e}lisation de la dynamique des syst{\`e}mes de peuplement: de SimpopLocal {\`a} SimpopNet},
  author={Schmitt, Clara},
  year={2014},
  school={Universit{\'e} Panth{\'e}on-Sorbonne-Paris I}
}


@article{pumain2006evolutionary,
  title={An evolutionary theory for interpreting urban scaling laws},
  author={Pumain, Denise and Paulus, Fabien and Vacchiani-Marcuzzo, C{\'e}line and Lobo, Jos{\'e}},
  journal={Cybergeo: European Journal of Geography},
  year={2006},
  publisher={CNRS-UMR G{\'e}ographie-cit{\'e}s 8504}
}

@article{levinson2007co,
  title={The co-evolution of land use and road networks},
  author={Levinson, David Matthew and Xie, Feng and Zhu, Shanjiang},
  journal={Transportation and traffic theory},
  pages={839--859},
  year={2007}
}


@article{liu2013exploring,
  title={Exploring the co-evolution of the geographies of air transport aviation and corporate networks},
  author={Liu, Xingjian and Derudder, Ben and Garc{\'\i}a, C{\'a}ndida Gago},
  journal={Journal of Transport Geography},
  volume={30},
  pages={26--36},
  year={2013},
  publisher={Elsevier}
}



@ARTICLE{2019arXiv190109869R,
       author = {{Raimbault}, Juste},
        title = "{Space and complexities of territorial systems}",
      journal = {arXiv e-prints},
     keywords = {Physics - Physics and Society, Computer Science - Multiagent Systems},
         year = "2019",
        month = "Jan",
          eid = {arXiv:1901.09869},
        pages = {arXiv:1901.09869},
archivePrefix = {arXiv},
       eprint = {1901.09869},
 primaryClass = {physics.soc-ph},
       adsurl = {https://ui.adsabs.harvard.edu/abs/2019arXiv190109869R},
      adsnote = {Provided by the SAO/NASA Astrophysics Data System}
}



@article{liao2017opening,
  title={The opening to the market in China (1980-2000) and the local economic development: a form of multilevel governance?},
  author={Liao, Liao and Gaudin, Jean Pierre},
  journal={CYBERGEO-EUROPEAN JOURNAL OF GEOGRAPHY},
  year={2017},
  publisher={CYBERGEO 13 RUE DU FOUR, PARIS, 75006, FRANCE}
}


@article{dang2012hierarchy,
  title={Hierarchy of air freight transportation network based on centrality measure of complex networks},
  author={Dang, Yaru and Peng, Lina},
  journal={Journal of Transportation Systems Engineering and Information Technology},
  volume={12},
  number={3},
  pages={109--114},
  year={2012},
  publisher={Elsevier}
}


@article{bigotte2010integrated,
  title={Integrated modeling of urban hierarchy and transportation network planning},
  author={Bigotte, Jo{\~a}o F and Krass, Dmitry and Antunes, Ant{\'o}nio P and Berman, Oded},
  journal={Transportation Research Part A: Policy and Practice},
  volume={44},
  number={7},
  pages={506--522},
  year={2010},
  publisher={Elsevier}
}


@article{yerra2005emergence,
  title={The emergence of hierarchy in transportation networks},
  author={Yerra, Bhanu M and Levinson, David M},
  journal={The Annals of Regional Science},
  volume={39},
  number={3},
  pages={541--553},
  year={2005},
  publisher={Springer}
}



@incollection{raimbault2020unveiling,
  title={Unveiling co-evolutionary patterns in systems of cities: a systematic exploration of the SimpopNet model},
  author={Raimbault, Juste},
  booktitle={Theories and Models of Urbanization},
  pages={261--278},
  year={2020},
  publisher={Springer}
}

@article{li2015administrative,
  title={Administrative hierarchy and urban land expansion in transitional China},
  author={Li, Han and Wei, Yehua Dennis and Liao, Felix Haifeng and Huang, Zhiji},
  journal={Applied Geography},
  volume={56},
  pages={177--186},
  year={2015},
  publisher={Elsevier}
}



@article{godfrey1999ranking,
  title={Ranking world cities: multinational corporations and the global urban hierarchy},
  author={Godfrey, Brian J and Zhou, Yu},
  journal={Urban Geography},
  volume={20},
  number={3},
  pages={268--281},
  year={1999},
  publisher={Taylor \& Francis}
}



@incollection{raimbault2020relating,
  title={Relating complexities for the reflexive study of complex systems},
  author={Raimbault, Juste},
  booktitle={Theories and models of urbanization},
  pages={27--41},
  year={2020},
  publisher={Springer}
}



@article{pumain2003approche,
  title={Une approche de la complexit{\'e} en g{\'e}ographie},
  author={Pumain, Denise},
  journal={G{\'e}ocarrefour},
  volume={78},
  number={1},
  pages={25--31},
  year={2003},
  publisher={Association des amis de la Revue de G{\'e}ographie de Lyon}
}



@book{west2017scale,
  title={Scale: the universal laws of growth, innovation, sustainability, and the pace of life in organisms, cities, economies, and companies},
  author={West, Geoffrey B},
  year={2017},
  publisher={Penguin}
}


@inproceedings{raimbault:halshs-02089520,
  TITLE = {{De l'endog{\'e}n{\'e}it{\'e} des hi{\'e}rarchies dans les syst{\`e}mes territoriaux complexes}},
  AUTHOR = {Raimbault, Juste},
  URL = {https://halshs.archives-ouvertes.fr/halshs-02089520},
  BOOKTITLE = {{Journ{\'e}e Des jeunes chercheurs de l'Institut de G{\'e}ographie :Compter, classer, cat{\'e}goriser}},
  ADDRESS = {Paris, France},
  YEAR = {2019},
  MONTH = Apr,
  KEYWORDS = {PARIS team ; COM ; Theories de la complexite ; Lois d'echelle ; Theorie evolutive urbaine},
  HAL_ID = {halshs-02089520},
  HAL_VERSION = {v1},
}


@article{pumain2004scaling,
  title={Scaling laws and urban systems},
  author={Pumain, Denise},
  year={2004}
}


@inproceedings{tisue2004netlogo,
  title={Netlogo: A simple environment for modeling complexity},
  author={Tisue, Seth and Wilensky, Uri},
  booktitle={International conference on complex systems},
  volume={21},
  pages={16--21},
  year={2004},
  organization={Boston, MA}
}


@article{volberda2003co,
  title={Co-evolutionary dynamics within and between firms: From evolution to co-evolution},
  author={Volberda, Henk W and Lewin, Arie Y},
  journal={Journal of management studies},
  volume={40},
  number={8},
  pages={2111--2136},
  year={2003},
  publisher={Wiley Online Library}
}


@article{raimbault2019modeling,
  title={Modeling interactions between transportation networks and territories: a co-evolution approach},
  author={Raimbault, J.},
  journal={arXiv preprint arXiv:1902.04802},
  year={2019}
}


@phdthesis{raimbault2018caracterisation,
  title={Caract{\'e}risation et mod{\'e}lisation de la co-{\'e}volution des r{\'e}seaux de transport et des territoires},
  author={Raimbault, Juste},
  year={2018},
  school={Universit{\'e} Paris 7 Denis Diderot}
}


@article{espacegeo2014effets,
	Author = {Offner, Jean-Marc and Beaucire, Francis and Delaplace, Marie and Fr{\'e}mont, Armand and Ninot, Olivier and Bretagnolle, Anne and Pumain, Denise},
	Journal = {Espace Geographique},
	Number = {42},
	Pages = {p--51},
	Title = {Les effets structurants des infrastructures de transport},
	Year = {2014}}

@article{offner1993effets,
	Author = {Offner, Jean-Marc},
	Journal = {Espace g{\'e}ographique},
	Number = {3},
	Pages = {233--242},
	Title = {Les "effets structurants" du transport: mythe politique, mystification scientifique},
	Volume = {22},
	Year = {1993}}



@incollection{pumain2006alternative,
  title={Alternative explanations of hierarchical differentiation in urban systems},
  author={Pumain, Denise},
  booktitle={Hierarchy in natural and social sciences},
  pages={169--222},
  year={2006},
  publisher={Springer}
}

@incollection{batty2006hierarchy,
  title={Hierarchy in cities and city systems},
  author={Batty, Michael},
  booktitle={Hierarchy in natural and social sciences},
  pages={143--168},
  year={2006},
  publisher={Springer}
}


@article{jiang2009street,
  title={Street hierarchies: a minority of streets account for a majority of traffic flow},
  author={Jiang, Bin},
  journal={International Journal of Geographical Information Science},
  volume={23},
  number={8},
  pages={1033--1048},
  year={2009},
  publisher={Taylor \& Francis}
}


@article{fanelli2013bibliometric,
  title={Bibliometric evidence for a hierarchy of the sciences},
  author={Fanelli, Daniele and Gl{\"a}nzel, Wolfgang},
  journal={PLoS One},
  volume={8},
  number={6},
  pages={e66938},
  year={2013},
  publisher={Public Library of Science}
}


@incollection{pumain2006introduction,
  title={Hierarchy in natural and social sciences, Introduction},
  author={Pumain, Denise},
  booktitle={Hierarchy in natural and social sciences},
  pages={1--12},
  year={2006},
  publisher={Springer}
}


@incollection{lane2006hierarchy,
  title={Hierarchy, complexity, society},
  author={Lane, David},
  booktitle={Hierarchy in natural and social sciences},
  pages={81--119},
  year={2006},
  publisher={Springer}
}


@incollection{pumain:halshs-02303136,
  TITLE = {{Les voies de l'interaction et les hi{\'e}rarchies urbaines}},
  AUTHOR = {Pumain, Denise},
  URL = {https://halshs.archives-ouvertes.fr/halshs-02303136},
  BOOKTITLE = {{actes du colloque Voies, r{\'e}seaux, paysages en Gaule en hommage {\`a} Jean-Luc Fiches, Revue d'Arch{\'e}ologie Narbonnaise}},
  YEAR = {2019},
  KEYWORDS = {Cities ; systemsof cities ; urban hierarchy ; spatial interaction ; evolutionary theory ; COUV ; PARIS team ; hi{\'e}rarchie urbaine ; Villes ; th{\'e}orie {\'e}volutive ; interaction spatiale ; syst{\`e}mes de villes},
  PDF = {https://halshs.archives-ouvertes.fr/halshs-02303136/file/Pont%20du%20Gard.pdf},
  HAL_ID = {halshs-02303136},
  HAL_VERSION = {v1},
}








@book{holland2012signals,
  title={Signals and boundaries: Building blocks for complex adaptive systems},
  author={Holland, John H},
  year={2012},
  publisher={Mit Press}
}


@article{cottineau2017diverse,
  title={Diverse cities or the systematic paradox of urban scaling laws},
  author={Cottineau, Cl{\'e}mentine and Hatna, Erez and Arcaute, Elsa and Batty, Michael},
  journal={Computers, environment and urban systems},
  volume={63},
  pages={80--94},
  year={2017},
  publisher={Elsevier}
}


@article{raimbault2018indirect,
  title={Indirect evidence of network effects in a system of cities},
  author={Raimbault, Juste},
  journal={Environment and Planning B: Urban Analytics and City Science},
  pages={2399808318774335},
  year={2018},
  publisher={SAGE Publications Sage UK: London, England}
}



@phdthesis{schmitt2014modelisation,
  title={Mod{\'e}lisation de la dynamique des syst{\`e}mes de peuplement: de SimpopLocal {\`a} SimpopNet.},
  author={Schmitt, Clara},
  year={2014},
  school={Universit{\'e} Panth{\'e}on-Sorbonne-Paris I}
}

@article{pumain2015multilevel,
  title={Multilevel comparison of large urban systems},
  author={Pumain, Denise and Swerts, Elfie and Cottineau, Cl{\'e}mentine and Vacchiani-Marcuzzo, C{\'e}line and Ignazzi, Cosmo Antonio and Bretagnolle, Anne and Delisle, Fran{\c{c}}ois and Cura, Robin and Lizzi, Liliane and Baffi, Sol{\`e}ne},
  journal={Cybergeo: European Journal of Geography},
  year={2015},
  publisher={CNRS-UMR G{\'e}ographie-cit{\'e}s 8504}
}


@incollection{pumain2008socio,
  title={The socio-spatial dynamics of systems of cities and innovation processes: a multi-level model},
  author={Pumain, Denise},
  booktitle={The Dynamics of Complex Urban Systems},
  pages={373--389},
  year={2008},
  publisher={Springer}
}


@book{pumain2006hierarchy,
title={Hierarchy in Natural and Social Sciences},
author={Pumain, D. (ed.)},
publisher={Springer, Dordrecht},
year={2006}
}



@incollection{batty2006hierarchy,
  title={Hierarchy in cities and city systems},
  author={Batty, Michael},
  booktitle={Hierarchy in natural and social sciences},
  pages={143--168},
  year={2006},
  publisher={Springer}
}

@article{crumley1987dialectical,
  title={A dialectical critique of hierarchy},
  author={Crumley, Carole L},
  journal={Power relations and state formation},
  pages={155--169},
  year={1987},
  publisher={American Anthropological Association Washington, DC}
}


@article{10.1371/journal.pone.0033799,
    author = {Mones, Enys AND Vicsek, Lilla AND Vicsek, Tamás},
    journal = {PLOS ONE},
    publisher = {Public Library of Science},
    title = {Hierarchy Measure for Complex Networks},
    year = {2012},
    month = {03},
    volume = {7},
    url = {https://doi.org/10.1371/journal.pone.0033799},
    pages = {1-10},
    abstract = {Nature, technology and society are full of complexity arising from the intricate web of the interactions among the units of the related systems (e.g., proteins, computers, people). Consequently, one of the most successful recent approaches to capturing the fundamental features of the structure and dynamics of complex systems has been the investigation of the networks associated with the above units (nodes) together with their relations (edges). Most complex systems have an inherently hierarchical organization and, correspondingly, the networks behind them also exhibit hierarchical features. Indeed, several papers have been devoted to describing this essential aspect of networks, however, without resulting in a widely accepted, converging concept concerning the quantitative characterization of the level of their hierarchy. Here we develop an approach and propose a quantity (measure) which is simple enough to be widely applicable, reveals a number of universal features of the organization of real-world networks and, as we demonstrate, is capable of capturing the essential features of the structure and the degree of hierarchy in a complex network. The measure we introduce is based on a generalization of the m-reach centrality, which we first extend to directed/partially directed graphs. Then, we define the global reaching centrality (GRC), which is the difference between the maximum and the average value of the generalized reach centralities over the network. We investigate the behavior of the GRC considering both a synthetic model with an adjustable level of hierarchy and real networks. Results for real networks show that our hierarchy measure is related to the controllability of the given system. We also propose a visualization procedure for large complex networks that can be used to obtain an overall qualitative picture about the nature of their hierarchical structure.},
    number = {3},
    doi = {10.1371/journal.pone.0033799}
}

@article{rozenblat2018conclusion,
  title={Conclusion: Toward a Methodology for Multi-scalar Urban System Policies},
  author={Rozenblat, Celine and Pumain, Denise},
  journal={International and Transnational Perspectives on Urban Systems},
  pages={385},
  year={2018},
  publisher={Springer}
}

@article{bettencourt2007growth,
  title={Growth, innovation, scaling, and the pace of life in cities},
  author={Bettencourt, Lu{\'\i}s MA and Lobo, Jos{\'e} and Helbing, Dirk and K{\"u}hnert, Christian and West, Geoffrey B},
  journal={Proceedings of the national academy of sciences},
  volume={104},
  number={17},
  pages={7301--7306},
  year={2007},
  publisher={National Acad Sciences}
}


@article{raimbault2018modeling,
  title={Modeling the co-evolution of cities and networks},
  author={Raimbault, Juste},
  journal={forthcoming in Handbook of Cities and Networks, Rozenblat C., Niel Z., eds. arXiv:1804.09430},
  year={2019}
}

@incollection{pumain2017simpoplocal,
	Author = {Pumain, Denise and Reuillon, Romain},
	Booktitle = {Urban Dynamics and Simulation Models},
	Pages = {21--35},
	Publisher = {Springer},
	Title = {The SimpopLocal Model},
	Year = {2017}}


@incollection{pumain2018evolutionary,
	Author = {Pumain, Denise},
	Booktitle = {International and Transnational Perspectives on Urban Systems},
	Pages = {3--18},
	Publisher = {Springer},
	Title = {An Evolutionary Theory of Urban Systems},
	Year = {2018}}



@book{morin1980methode,
	Author = {Morin, Edgar},
	Publisher = {Le Seuil},
	Title = {La M{\'e}thode, tome 2. La Vie de la Vie},
	Year = {1980-2005}}



@article{allen2017multiscale,
	Author = {Allen, Benjamin and Stacey, Blake C and Bar-Yam, Yaneer},
	Journal = {Entropy},
	Number = {6},
	Pages = {273},
	Title = {Multiscale Information Theory and the Marginal Utility of Information},
	Volume = {19},
	Year = {2017}}



@book{holland2012signals,
	Author = {Holland, John H},
	Publisher = {MIT Press},
	Title = {Signals and boundaries: Building blocks for complex adaptive systems},
	Year = {2012}}




